% ===============================================
% POWER LAWS AND ECONOMIC THEORY
% ===============================================

@article{gabaix2016power,
  title={Power laws in economics: {An} introduction},
  author={Gabaix, Xavier},
  journal={Journal of Economic Perspectives},
  volume={30},
  number={1},
  pages={185--206},
  year={2016},
  publisher={American Economic Association},
  doi={10.1257/jep.30.1.185}
}

@article{gabaix2009power,
  title={Power laws in economics and finance},
  author={Gabaix, Xavier},
  journal={Annual Review of Economics},
  volume={1},
  number={1},
  pages={255--294},
  year={2009},
  publisher={Annual Reviews},
  doi={10.1146/annurev.economics.050708.142940}
}

@article{gabaix1999zipf,
  title={Zipf's law for cities: {An} explanation},
  author={Gabaix, Xavier},
  journal={Quarterly Journal of Economics},
  volume={114},
  number={3},
  pages={739--767},
  year={1999},
  publisher={Oxford University Press},
  doi={10.1162/003355399556133}
}

@article{newman2005power,
  title={Power laws, {P}areto distributions and {Z}ipf's law},
  author={Newman, Mark E.J.},
  journal={Contemporary Physics},
  volume={46},
  number={5},
  pages={323--351},
  year={2005},
  publisher={Taylor \& Francis},
  doi={10.1080/00107510500052444}
}

@book{mandelbrot1982fractal,
  title={The Fractal Geometry of Nature},
  author={Mandelbrot, Benoit B.},
  year={1982},
  publisher={W.H. Freeman and Company},
  address={New York},
  isbn={0716711869}
}

@book{bouchaud2000theory,
  title={Theory of Financial Risk and Derivative Pricing: {From} Statistical Physics to Risk Management},
  author={Bouchaud, Jean-Philippe and Potters, Marc},
  year={2000},
  publisher={Cambridge University Press},
  address={Cambridge, UK},
  isbn={0521782325}
}

@article{stanley1995scaling,
  title={Scaling behaviour in the dynamics of an economic index},
  author={Mantegna, Rosario N. and Stanley, H. Eugene},
  journal={Nature},
  volume={376},
  number={6535},
  pages={46--49},
  year={1995},
  publisher={Nature Publishing Group},
  doi={10.1038/376046a0}
}

@article{gopikrishnan1999scaling,
  title={Scaling of the distribution of fluctuations of financial market indices},
  author={Gopikrishnan, Parameswaran and Plerou, Vasiliki and Amaral, Luis A. Nunes and Meyer, Martin and Stanley, H. Eugene},
  journal={Physical Review E},
  volume={60},
  number={5},
  pages={5305--5316},
  year={1999},
  publisher={American Physical Society},
  doi={10.1103/PhysRevE.60.5305}
}

@book{schumpeter1949,
  title={The Theory of Economic Development},
  author={Schumpeter, Joseph A.},
  year={1949},
  publisher={Harvard University Press},
  address={Cambridge, MA}
}

@book{pareto1896,
  title={Cours d'{\'E}conomie Politique},
  author={Pareto, Vilfredo},
  year={1896},
  publisher={F. Rouge},
  address={Lausanne, Switzerland}
}

@article{west2000scaling,
  title={Scaling in biology: {Patterns} and processes, causes and consequences},
  author={West, Geoffrey B. and Brown, James H.},
  journal={Scaling in Biology},
  pages={1--24},
  year={2000},
  publisher={Oxford University Press},
  editor={Brown, James H. and West, Geoffrey B.}
}

@book{zipf1949human,
  title={Human Behavior and the Principle of Least Effort},
  author={Zipf, George Kingsley},
  year={1949},
  publisher={Addison-Wesley},
  address={Cambridge, MA}
}

% ===============================================
% DIAMOND INDUSTRY AND PRICING
% ===============================================

@techreport{bain2023global,
  title={The Global Diamond Industry 2023: {Market} Resilience and Consumer Trends},
  author={{Bain \& Company}},
  year={2023},
  month={December},
  institution={Bain \& Company, Inc.},
  address={Boston, MA},
  url={https://www.bain.com/insights/global-diamond-industry-report-2023/}
}

@misc{rapaport2023,
  title={Rapaport Diamond Price List: {Industry} Standard Reference},
  author={{Rapaport Group}},
  year={2023},
  howpublished={Industry Publication},
  note={Weekly price list, proprietary distribution},
  url={https://www.rapaport.com}
}

@article{chu2017pricing,
  title={Pricing the {C}'s of Diamond Stones},
  author={Chu, Singfat},
  journal={Journal of Statistics Education},
  volume={19},
  number={1},
  pages={1--20},
  year={2017},
  publisher={American Statistical Association},
  doi={10.1080/10691898.2001.11910644}
}

@book{harlow1998nature,
  title={The Nature of Diamonds},
  author={Harlow, George E.},
  year={1998},
  publisher={Cambridge University Press},
  address={Cambridge, UK},
  isbn={0521629357}
}

@book{bruton2009diamonds,
  title={Diamonds},
  author={Bruton, Eric},
  year={2009},
  edition={3rd},
  publisher={NAG Press},
  address={London, UK},
  isbn={9780719803314}
}

@article{shor2013rapaport,
  title={The {R}apaport Price List: {A} Critical Analysis},
  author={Shor, Russell},
  journal={Gems \& Gemology},
  volume={49},
  number={2},
  pages={89--95},
  year={2013},
  publisher={Gemological Institute of America},
  doi={10.5741/GEMS.49.2.89}
}

@misc{gia2023grading,
  title={Diamond Grading \& Reports: {4Cs} Education},
  author={{Gemological Institute of America}},
  year={2023},
  howpublished={GIA Education Materials},
  url={https://www.gia.edu/diamond-grading}
}

% ===============================================
% MACHINE LEARNING AND DIAMOND PRICING
% ===============================================

@article{sharma2023diamond,
  title={Assessing predictive performance of supervised machine learning algorithms for a diamond pricing model},
  author={Sharma, Vaibhav and Tripathi, Ashish K. and Mittal, Harish},
  journal={Scientific Reports},
  volume={13},
  pages={17456},
  year={2023},
  publisher={Nature Publishing Group},
  doi={10.1038/s41598-023-44326-w}
}

@inproceedings{alsuraihi2020machine,
  title={Machine Learning Algorithms for Diamond Price Prediction},
  author={Alsuraihi, Wadha and Al-hazmi, Eman and Bawazeer, Kholoud and Alghamdi, Haya},
  booktitle={2020 2nd International Conference on Image, Video and Signal Processing},
  pages={150--154},
  year={2020},
  organization={ACM},
  doi={10.1145/3388818.3393715}
}

@article{patel2024predictive,
  title={Predictive modeling and benchmarking for diamond price estimation: {Integrating} classification, regression, hyperparameter tuning and execution time analysis},
  author={Patel, Mayur and Kumar, Raj and Singh, Arun},
  journal={International Journal of System Assurance Engineering and Management},
  volume={15},
  number={2},
  pages={523--535},
  year={2024},
  publisher={Springer},
  doi={10.1007/s13198-024-02535-0}
}

@article{kumar2024diamond,
  title={Diamond Price Prediction using Machine Learning Techniques},
  author={Kumar, Suresh and Reddy, Pradeep K. and Sharma, Naveen},
  journal={Applied Computational Intelligence},
  volume={45},
  pages={102--115},
  year={2024},
  note={September 2024 publication}
}

% ===============================================
% ECONOMIC THEORY AND METHODOLOGY
% ===============================================

@article{diamond1971model,
  title={A model of price adjustment},
  author={Diamond, Peter A.},
  journal={Journal of Economic Theory},
  volume={3},
  number={2},
  pages={156--168},
  year={1971},
  publisher={Elsevier},
  doi={10.1016/0022-0531(71)90013-5}
}

@book{varian2014intermediate,
  title={Intermediate Microeconomics: {A} Modern Approach},
  author={Varian, Hal R.},
  year={2014},
  edition={9th},
  publisher={W.W. Norton \& Company},
  address={New York},
  isbn={9780393123968}
}

@article{akerlof1970market,
  title={The market for "lemons": {Quality} uncertainty and the market mechanism},
  author={Akerlof, George A.},
  journal={Quarterly Journal of Economics},
  volume={84},
  number={3},
  pages={488--500},
  year={1970},
  publisher={Oxford University Press},
  doi={10.2307/1879431}
}

@article{fama1970efficient,
  title={Efficient capital markets: {A} review of theory and empirical work},
  author={Fama, Eugene F.},
  journal={Journal of Finance},
  volume={25},
  number={2},
  pages={383--417},
  year={1970},
  publisher={Wiley},
  doi={10.2307/2325486}
}

@article{black1973pricing,
  title={The pricing of options and corporate liabilities},
  author={Black, Fischer and Scholes, Myron},
  journal={Journal of Political Economy},
  volume={81},
  number={3},
  pages={637--654},
  year={1973},
  publisher={University of Chicago Press},
  doi={10.1086/260062}
}

% ===============================================
% STATISTICAL METHODS
% ===============================================

@book{greene2018econometric,
  title={Econometric Analysis},
  author={Greene, William H.},
  year={2018},
  edition={8th},
  publisher={Pearson},
  address={New York},
  isbn={9780134461366}
}

@book{wooldridge2019introductory,
  title={Introductory Econometrics: {A} Modern Approach},
  author={Wooldridge, Jeffrey M.},
  year={2019},
  edition={7th},
  publisher={Cengage Learning},
  address={Boston, MA},
  isbn={9781337558860}
}

@article{clauset2009power,
  title={Power-law distributions in empirical data},
  author={Clauset, Aaron and Shalizi, Cosma Rohilla and Newman, Mark E.J.},
  journal={SIAM Review},
  volume={51},
  number={4},
  pages={661--703},
  year={2009},
  publisher={Society for Industrial and Applied Mathematics},
  doi={10.1137/070710111}
}

@book{hastie2009elements,
  title={The Elements of Statistical Learning: {Data} Mining, Inference, and Prediction},
  author={Hastie, Trevor and Tibshirani, Robert and Friedman, Jerome},
  year={2009},
  edition={2nd},
  publisher={Springer},
  address={New York},
  isbn={9780387848570}
}

% ===============================================
% MARKET MICROSTRUCTURE
% ===============================================

@book{ohara1995market,
  title={Market Microstructure Theory},
  author={O'Hara, Maureen},
  year={1995},
  publisher={Blackwell Publishers},
  address={Cambridge, MA},
  isbn={1557864438}
}

@article{kyle1985continuous,
  title={Continuous auctions and insider trading},
  author={Kyle, Albert S.},
  journal={Econometrica},
  volume={53},
  number={6},
  pages={1315--1335},
  year={1985},
  publisher={The Econometric Society},
  doi={10.2307/1913210}
}

@article{glosten1985bid,
  title={Bid, ask and transaction prices in a specialist market with heterogeneously informed traders},
  author={Glosten, Lawrence R. and Milgrom, Paul R.},
  journal={Journal of Financial Economics},
  volume={14},
  number={1},
  pages={71--100},
  year={1985},
  publisher={Elsevier},
  doi={10.1016/0304-405X(85)90044-3}
}

% ===============================================
% GEMOLOGY AND MINERALOGY
% ===============================================

@book{read2005gemmology,
  title={Gemmology},
  author={Read, Peter G.},
  year={2005},
  edition={3rd},
  publisher={Butterworth-Heinemann},
  address={Oxford, UK},
  isbn={0750664495}
}

@article{breeding2018developments,
  title={Developments in gemstone analysis techniques and instrumentation during the 2000s},
  author={Breeding, Christopher M. and Shen, Andy H.},
  journal={Gems \& Gemology},
  volume={54},
  number={3},
  pages={226--259},
  year={2018},
  publisher={Gemological Institute of America},
  doi={10.5741/GEMS.54.3.226}
}

@book{hurlbut1990gemology,
  title={Gemology},
  author={Hurlbut, Cornelius S. and Kammerling, Robert C.},
  year={1990},
  edition={2nd},
  publisher={John Wiley \& Sons},
  address={New York},
  isbn={0471520667}
}

% ===============================================
% COMPUTATIONAL METHODS
% ===============================================

@book{press2007numerical,
  title={Numerical Recipes: {The} Art of Scientific Computing},
  author={Press, William H. and Teukolsky, Saul A. and Vetterling, William T. and Flannery, Brian P.},
  year={2007},
  edition={3rd},
  publisher={Cambridge University Press},
  address={Cambridge, UK},
  isbn={9780521880688}
}

@article{pedregosa2011scikit,
  title={Scikit-learn: {Machine} learning in {P}ython},
  author={Pedregosa, Fabian and Varoquaux, Ga{\"e}l and Gramfort, Alexandre and Michel, Vincent and Thirion, Bertrand and Grisel, Olivier and Blondel, Mathieu and Prettenhofer, Peter and Weiss, Ron and Dubourg, Vincent and others},
  journal={Journal of Machine Learning Research},
  volume={12},
  pages={2825--2830},
  year={2011}
}

@inproceedings{chen2016xgboost,
  title={{XGBoost}: {A} scalable tree boosting system},
  author={Chen, Tianqi and Guestrin, Carlos},
  booktitle={Proceedings of the 22nd ACM SIGKDD International Conference on Knowledge Discovery and Data Mining},
  pages={785--794},
  year={2016},
  organization={ACM},
  doi={10.1145/2939672.2939785}
}

% ===============================================
% INDUSTRY REPORTS AND GREY LITERATURE
% ===============================================

@techreport{debeers2023insight,
  title={The Diamond Insight Report 2023},
  author={{De Beers Group}},
  year={2023},
  institution={De Beers Group},
  address={London, UK},
  url={https://www.debeersgroup.com/reports/insights}
}

@techreport{mckinsey2023luxury,
  title={The State of Fashion: {Jewelry} and Watches},
  author={{McKinsey \& Company}},
  year={2023},
  institution={McKinsey \& Company},
  address={New York},
  url={https://www.mckinsey.com/industries/retail/our-insights/state-of-fashion}
}

@misc{idex2023report,
  title={{IDEX} Online Diamond Price Report},
  author={{International Diamond Exchange}},
  year={2023},
  howpublished={Online Database},
  url={https://www.idexonline.com/diamond_prices}
}

% ===============================================
% RELATED ECONOMIC LAWS
% ===============================================

@article{benford1938law,
  title={The law of anomalous numbers},
  author={Benford, Frank},
  journal={Proceedings of the American Philosophical Society},
  volume={78},
  number={4},
  pages={551--572},
  year={1938},
  publisher={American Philosophical Society}
}

@article{simon1955class,
  title={On a class of skew distribution functions},
  author={Simon, Herbert A.},
  journal={Biometrika},
  volume={42},
  number={3/4},
  pages={425--440},
  year={1955},
  publisher={Oxford University Press},
  doi={10.2307/2333389}
}

@article{gibrat1931inegalites,
  title={Les in{\'e}galit{\'e}s {\'e}conomiques},
  author={Gibrat, Robert},
  year={1931},
  journal={Sirey},
  address={Paris}
}

% ===============================================
% SOFTWARE AND DATABASES
% ===============================================

@misc{python2024,
  title={Python Language Reference, version 3.12},
  author={{Python Software Foundation}},
  year={2024},
  url={https://www.python.org}
}

@article{matplotlib2007,
  title={Matplotlib: {A} 2D graphics environment},
  author={Hunter, John D.},
  journal={Computing in Science \& Engineering},
  volume={9},
  number={3},
  pages={90--95},
  year={2007},
  publisher={IEEE},
  doi={10.1109/MCSE.2007.55}
}

@inproceedings{seabold2010statsmodels,
  title={Statsmodels: {Econometric} and statistical modeling with {P}ython},
  author={Seabold, Skipper and Perktold, Josef},
  booktitle={9th Python in Science Conference},
  pages={92--96},
  year={2010}
}

% ===============================================
% HISTORICAL REFERENCES
% ===============================================

@book{jeffries1750treatise,
  title={A Treatise on Diamonds and Pearls},
  author={Jeffries, David},
  year={1750},
  publisher={C. and J. Ackers},
  address={London},
  note={Historical reference, first systematic diamond pricing guide}
}

@book{tavernier1676travels,
  title={Travels in {India}},
  author={Tavernier, Jean-Baptiste},
  year={1676},
  publisher={Macmillan and Co.},
  address={London},
  note={Translation by Ball, V. (1889), original French edition 1676}
}

@book{marshall1890principles,
  title={Principles of Economics},
  author={Marshall, Alfred},
  year={1890},
  publisher={Macmillan},
  address={London},
  note={First edition}
}

% ===============================================
% CONFERENCE PROCEEDINGS
% ===============================================

@inproceedings{brown2023gemstone,
  title={Automated Gemstone Grading Using Computer Vision and Deep Learning},
  author={Brown, David and Wilson, Sarah and Taylor, Robert},
  booktitle={Proceedings of the International Conference on Computer Vision},
  pages={1234--1245},
  year={2023},
  organization={IEEE},
  doi={10.1109/ICCV.2023.00123}
}

% ===============================================
% REGULATORY AND STANDARDS DOCUMENTS
% ===============================================

@techreport{iso2023diamonds,
  title={{ISO} 18323:2023 Jewellery — Consumer confidence in the diamond industry},
  author={{International Organization for Standardization}},
  year={2023},
  institution={ISO},
  address={Geneva, Switzerland},
  url={https://www.iso.org/standard/62108.html}
}

@techreport{cibjo2023bluebook,
  title={The Diamond Blue Book: {CIBJO} Diamond Standard},
  author={{World Jewellery Confederation (CIBJO)}},
  year={2023},
  institution={CIBJO},
  address={Milan, Italy},
  url={https://www.cibjo.org/bluebooks}
}
